01195959EE602B05D3D5903B4E113DB1AC4:1
014EF392C1BA13454C2376E1F3FECD67294:1
02005D1681D538B299ED1E64EC26A59F27F:1
025A3F922212DDBE5E3D0C1DE0305FBDFE5:7
02AB073EEC1B8667471DCB5DD193DA0CD50:6
0348E4EB6B36EC099C4781EF05D6C6758B5:1
03560555F49654AD712BFD3A04360DB3429:4
0395B2BAA98ECFC5744681FB312A028E53B:1
0537D5A7BFF6E239268DE288F3974972DD8:2
07B5CBC67C9F6F2702CA024EAA0872B8491:5
08560F1FB4CA46B35947866EFF4970E420A:164
08CFB9B55C870E260B18D41C19EBB6143E9:2
08F7FF501556D14B49A2477795EB26F51B8:3
094C1FA16489A40E204760389A586A06509:1
095418482DEDEE0839E972EEB9562C93293:1
0986C976CADF3AE5AD4B150D797B4668B9B:2
09B1C0F0E772759C48C0E2463D67573DCE6:1
09C986EDC9DD8E225AE62CF51A72F640543:5
0A3F4477A8BA358E933944F51CAC0C12E3C:1
0AB484B5E6C5D761E58D939F17C1109BEA6:4
0AC5E27E1ECA871B755BA2DFA971326DD5E:2
0B5B78AB2732E41EAD465E4B770C9177E04:3
0C61B2ED8EE00C583188ADDB30A07A9CD96:1
0CF50411D33E48B9ACB2712447781578491:1
0D6AFD529FD2A5D028677E892E82335BCDA:1
0DA48121E15984E6F6884AF4CE28041CD0E:4
0E157FC545659107440ECAF69C956AD09DF:1
0E664D705779C6F92D6417276154F7D531E:2
0EB68A8663577F2430735EDE1E096146F77:3
0F14868E8B9DC593E30270D230A0CB155FF:1
0F2FA23EE9FE461CC3158FF16873D85F1B9:2
0FE94FD204A04727D4856B1254C3E52F4F1:1
105E1ADD8952A5A1F39E14E7A22884C4222:1
10F0F5E0A9E4AE5C096D2984AEA9FDDA219:1
11C2F907A40E5868F4EFB55FC138AFDEFE7:4
12234B9401F004087CF64784AE1C07DB2C1:2
12DD87E61926B5C646204627D8FDD5BD6EA:3
131146553E2463A789A1E7CB66D7793BFCA:1
140DF0BBBBB9330CC4404BA9EA2E0C1274B:1
144D9EAA0A6EEE1065EB84BD570E3C84D72:2
1480FDBBEF00B21E065426DD284905CFA13:3
14B2F548376FE185C708CB26482CF1A420F:2
14D060460DA5D98DFC7EFFABADCD8FEFFE9:3
1508394E51B07A81A86D853628785119085:2
1533F62E20B8D97AC3339E08CF9AF276510:1
15EB35D574706D8B8BD4480F3E6D35CD5A4:6
1656892574E0E23004AC788BB0B69748D53:1
16BC15277A048F917DAEA84B9F44F799F5D:2
170C2EEA37809B516624EB4755BCDD1CD29:1
1820963E3631463CA11CA03EA8B5078C50A:1
1A11D927B43220EC2C36A99B242AD153B09:13
1A18075AAD6AB52131F16A30FB71C64E5D8:3
1A913DF029F643848AC3E942343D48F1121:5
1ACD702E74656E70BC9F3768C0BD55267C0:1
1B4C93D9D8131BB21738F141BFCB04E61A2:2
1B69704A0E3122F3FFC0E58679AA5631597:2
1BEB6D643F3F6FCCA77DA1434DD3AE67C08:3
1C117E525AD6B226919BADE5797C1703595:2
1C41D7C72225A9A26E0BA2FB5FE708C60A6:1
1C465154BE5449CAA70F2F6D8D996257C87:3
1C935C32AEAAE4E6749B4964D35490A78CD:1
1CDA6A8AAE0F7D99E5858EC90C09DBA28CD:1
1E0F70CEA7D95465813128753D356F1B13E:2
1E6BB725475EF1A78A0522E029C54265029:2
1E98400A7461597743EFF5D77DFD393919A:1
1EA265A0FB9B920B5A7699AE800FA50603C:3
1F8BE52139FA81A18B9BB3CAC24D5ADB317:1
1FD3328157D72EEA8BB42EC2CC0ADE6ADDB:1
1FDA8C34963303C2A0C69A94EB53A9058A7:2
202DA168953571D6B57C7D75B05E760E773:1
20A5F087D1E3DB9BF97E4FD6237F6111B0B:1
20AA6668C343A090E98E7B9866B2E35FE53:1
20C10E7E65513E70B67E84412ABC593858B:4
215E2B307BBC2BB70F23AB1563347FE0002:13
227F7976A9B3E7A13A7D2F86AD3181C6FA7:1
234B894314D02E6CA33B5CF9E4CF3AC654B:1
2356EA7C019A089891A15230C221010834A:6
2368C6F469889386CD55158C9FD5553BBD1:1
23CE9C22313D3265801727C8596ABC6FD40:4
24B98241E0DA8BCA23E8CC7BD3DA4B9B91F:1
24D5E890EA545A8577E1B735753E8A5ED39:1
279331373AD5FE0AD16F77226737D0DD0E2:1
27B17F2608AE467992A84679875056BDE1C:2
27D386B0BB03629A1D4A9CD1F71BAEC9FC1:2
27F9690A207BB0597232B0263C34EED2D2A:1
284593205F70DEFA842ECA7A2E13A5AB6A6:2
28AD3CEE870524C55C368FBFB59F095943A:6
28AE983FDA267A776303B37251C6DF1BFC0:2
28B2549817EDEF3F8A89565CEAF9F3D9B7C:1
29A4E82A1EA71D1CC5D6F0C9E31CE63FB4D:1
29BF467F59B225325EBE3EDB781B8A2C0AA:1
2B17BD1769C69A1D5092761904FAA23C284:5
2B4012C6A9438C57BF63BBC0954637968AB:1
2BA048D699FC056A2F9840F3174E904E675:1
2BE5564A06DDC561C8BABDD7356ED6C99F6:1
2C9600145474A2503C9AC12D1A77DB67997:5
2D4B5F71854B8D0FA2EDF1A808561B8C098:1
2E807C830E3A1D48C63112EB9FDDDDD4A3B:1
2F6099405C0F82D2D64DCE06F3DEADF8763:5
2FD6BA3F53EFF62860992BD3173105B3F54:8
30995C152292143CE88C6384E42035AD456:1
317F4E1336D7F5AAD22AB7D54B91114BB23:1
320DB01A82FE5275440DFC2FDC6A7805851:2
3299FDDB243CE4F953D0FC82133ED00B65F:2
33409E10F206C235AB3C24CE7BDF374FD0B:2
33493850C4201C5685F93D5516D7A8E8AA0:1
337592A9317898DA6133E8A1D7A22E57BB3:1
33F3DAE6889B0F3B706A77399E93D4A3528:1
35C27882E6BDA9069CF30A9A92F2EE7B885:1
3617F45487A7E3018AF6CA23F8040A1B244:1
364C0D53F81D189DD85576E990873F68DD4:2
368090CCC5DE4978172D739DA405D271303:2
36AB9C7346A9084982F77BD96C36D20F1CF:1
37C362DA8292F10A721620B1B670E6E5F23:2
380C0B68D9A6AC8BA1B18544ED3B04DB661:1
38521A320EF3FF0B49F5B8F2E3DB848C8B8:3
387499B02A8C3C40F8D6975C16175790DA8:2
389038AB4E33D14AAC74E0A8D72AAB05F68:2
38A33A740FD021F77F3B353CD10531F4E37:1
38D68736414DEC40D55AE3BF3927ABFF8DC:2
39352A8D00D371578012E7E607359E496EA:1
394BF336471B20CB8399A36A54C4FCDDAB1:4
3A069C51E8A9F8950EB997DD7540B62F7DE:2
3A08C13567692372BE3139E403BB01D1F52:20
3AC5820B339D4B53CB679635BE0229E34E3:2
3AEAC2B318A8E6AF31ED2C7240D426A5E66:2
3AFF6398F080A131CAD29DD39B13535A4D9:19
3B0A474D2B5561F2D30900F7B6DAC7ED8E6:4
3B1F89CD3CF13B85B20A75FFCBB3E847B6D:1
3BEE4CC15D957BEF72F7EA3DD3E4345A05D:5
3C097C06C3C2BE305A0D40C5D4ADD14484B:2
3C2038A160BE2819A8E316D27585F580656:3
3C506532C0A0CB9EB0EF645C8EAB175DFB6:1
3D6F435BE542661D16B33CB9189636B8D04:1
3E0F0FB4D3597EE3460DB81E93C69B97F1A:4
3E13D55702D82E55B66E2B962D9B146E383:3
3E679012CEDD1C3699EAC4CCA8A98F66C7A:1
3E79D6F09725CDEC28554120DCC5A955B88:2
3EBA6AADAC24A1BC13AD3583DBEF33CDB74:2
3F061899C68B5C2DBFF38D02D9908A76DE4:2
3FACB16A94A49A8AD2624714D5B47F378CF:4
40F59C298624828B998F6B6AD6DCAB6B52F:2
4113E42E548DB6E09367D010C0B5C328160:1
41E66F2718F990E7043F66E13C3AE0E2C3B:1
42170AC41087E3F670697069C6944B8E63F:1
424A44BD9815292E0C3FB4EA9E9AE65A644:5
42D8834EFEA2AD42F279E413E9F91F4A931:1
439462F8B408559E92E500B038F9B8D9A1D:2
440CFF06137F742B2954E271FDE3008DF21:6
44A500F1095B959C07D71DCD73CC1D707B2:1
44B3D2282BAFCFA56457071C046BA7FFE32:1
44FB571C0D8C66DAA318FD3D21D514E6275:1
46D4C80F1D20EF2EE2E8C44120792076622:1
470893E2EE65B6A099EB68DD0DAF3D8A955:1
4781F7409A59381720F48444CBC583D5A5E:4
47BBD97EC259F73A0332729355FDEE57506:1
47EABC61FE6761C44E509E715DD79964D03:2
486E1C4055012A4D20FC943FD44C177FF83:1
4873749AAAFD56545CB911C2EDB07B32E8A:1
489DDF3180EB33A3A6F742F6B6CA44EAAAB:1
48A3963AFAC9776EAA8038EDABE19792231:1
48B2281973B3F2A3AB8551D449C47025799:5
49D42EAAEDFAF4EC2BAEC5B996B5486C8E1:2
49EE852FA9989C2DB070F8044D6A5D78ED5:2
4C23AEBC139DA33DC8BBB3A6839AE6BDF27:3
4C8A605399D9F20F1A4C93375AC2DA69DF8:1
4CCE4EA9A9759B18389AA7B5CCCA0530376:2
4CECED7B7CDA1BE6157D088796F6B5DC209:2
4DC50640698D3F8E81D6FBB5BF996CDA3FF:1
4EA157D01C4CDD957BE5018C1F4C40192BC:2
4EB0A00DFC66E1A209E4D56FE243C3D9132:34
4EEFF25184145549083872CFD2AB1C32A98:2
4EF6DFEA256145CCADD32702FBCE01D13EB:1
4F6C1CBD82348D26EB76CA0152D52399226:1
50D8951D5548B7C519EE01B4FED03F344A4:2
50EC6BF231B6ADEA9A613C72EA0DAC753B7:78
51A615E91D8066806985312CD2F9873A863:5
51F7BB7A5D0EDD55975B1FEB60E314B0B4D:5
527F214E8BA9E291FA21B3C966C1F6E66DD:2
52B13E8D15C3BA04F9952FF3882F3365A36:3
52CFC138A5DC11BFCF4FDC1D30080D877A5:29
5416E6273D1B39DB3E079B75E4A704B02C0:2
54D7AC512953053F7CF35E3B68D8D347705:4
55870956C38FE0E6053A5E953F13EDD504A:1
5599E36D47FFE0A40519A8E2AC9F4F365C5:3
567AE7C18858E04F4B6FEF9BE08C4B78254:2
5695D7AF1BBF6BC4A1A8B80C981CFFD2268:1
56A2C5702DC7CA774CFFB4808A929F12734:2
56EFF6D158A9E213C92D28D52E8C22D3674:3
570755A603AAAA8931C775AEB459E82CAD4:7
58829A1069B78111DE76DEE03BCA83DC752:1
58CA87E3C666F75B9B332812C38BAF976C3:2
59EA2C4F50E5628A7480491BBD60826E527:2
5A4C19B3D6B2C4F108E5DE13F8E0DA15004:7
5A4C550FB933C45D1A1000C3C5558E7D0E9:2
5A5A0262D265AECE81E0AFF91D3B5E87AEC:1
5A7EC9873955285103E21A67902E77E7F68:28
5ADE5131D61A063FE25FDCDE0DE4F660F8A:5
5B2A1E67FA8F82A44483077EDB4EE75F16F:1
5B655C894F2B2274CB092FBC20A4C7817E5:2
5BFE9AB6EBE24FC9D641CED63215F891224:5
5C3E7B210F137391B3CE46D852D1443192A:1
5C43C9E46FD05304FE5D3337D5B0655FAAE:2
5C859810BB692DCF185644E01164603A3BF:1
5CA72713707D83E9C82CDDED8F4FF0C1299:4
5D3337E031AA76C0CA891B1C97204193F10:14
5D7BC02E36E3849C15F73B59C18B96210E4:3
5DF9582031EB0C8AF9AD51018B5E00D1EB8:1
5E15D816A1D093F664E859BFCE43CE1F24E:1
5E22781A3C92E07A8F60E7A35B5BEC65269:2
5E38BB384204AB4ABA877F59E0062798EC7:2
5E4C2536A5B5A305AB75BCAFDFEFB8562A2:6
5E5A347EAC098D16C112F13ACE46C3B52C2:1
5EA4FF602E84B568AC013B69B01E506E31A:3
5EF4760C8A75302E6AD13AFF2CBC75430AC:6
5FA290959C71B0D0498189E080ECB3D30C5:3
6072E14FFC8A17651935F98E376C9DDEF44:2
60F63EA105AE6E594332703EBA915D60B41:4
614620529700B4919751452A946A6607700:3
616A6A9B86F247E512128CE66886609A89D:2
61B25F30881A991872B8D31226051DE2A4B:2
622B6274941B0174885FAACFF2533650CAE:3
62D3BE00D09783EA9D4F1F1015159506A1F:2
631BF92426FA184575C706DB2DD19098347:2
635CB2128C4CCD6989D1CC46EB9D7859864:1
636FE95CC8F034F93BC98D2694835A8832F:2
6415BEA9A5DD3E6C627C2676564A733E2FE:1
6445AF8CBB967A3397A6C608E5E1B2525CD:1
64513D06B940DF136193E483C7852E061E1:1
65D21265F8654090E1B1F1E250E204D1613:2
65FE6112FEDA794501D0F1A8B6E6789B471:2
6611528C5DACFB43EA302A6CAEB499689EC:3
665979103D606D60710265A0E26E7CEF069:7
6693BEE24880A65622B4F0719796291B0E9:1
66C3064C53E2F76D8423CD8E46843129849:4
67775CA2B2C5B961EA52D22A81BE599A81E:1
6779DD3BD00C34CB1012D45F24FB05BA4CE:2
67D61A2380D2FF6270CBA2C1B5CA45B2F6A:2
6885A8C236D373189D18296B7D3819726CB:2
68EDD8F713B841A9FF70F2A29D1A3CD9239:2
6967626D0B3585CF6F0E3076CA213FCB159:1
69FDC4859DCA185E276D98F1C15A3A8D8B7:2
6AE71D8E0CE05767FBD60A7EEAC47DDF209:1
6BB00CFA3111FE64122DE6E33F340BF4B3A:1
6BD6D576F8D9C39291A91F2295A829833E4:2
6BDA44494311DB59C70DE47C101428E2275:1
6CD0C006A1F9DF09854F08BAB8AF3DBE4C3:1
6E56C101DFA7A45278788936D8767D9FD27:2
6EE0BE855E241149588DE1DF05F92E7C637:10
6F66A556E6D2A3C2D21E677044B8045BE4D:3
6FC45D5CEA320C9DE67EF24B242F5239F33:3
6FFF79BB2B6FB097D6F42ADB70F45E2A28C:1
7091212C8BD65EC8F9C7BBB8A434EA73910:3
709F5C1624FE492945037E97F132C78F255:1
70BCD95E0F974104FF549A6CCB0F9A10E04:1
70D87909868CEA4D2AE6767CD7B6152A18C:1
716351BCC3212E16103D05B9D880157C721:2
71644D728FFC55C86F471C33F18DC762EA9:2
71B5BA7C8D2306A36F10274C061E711E79E:2
7289C61DA82B5D05DCC069C62F5DD51BACD:3
730CC16542553CB13E9B73D1C5D8D7DCD47:1
743FA8B5211488F9942B3BB4F76AB3E1C2E:1
744959C5844D167A5B4D71E6BC1E1A7CE61:32
76390603A110866826EAB358EC1B743F49D:14
7671F366204334AE3BE0F396F52A0B2A438:1
76C75A2A31A128664A04CAAC285C2B5C288:13
76ED61A2181BCCC1A84954E9CFFEC9139F0:180
7746E5D5E1B3CE20D83B5F5A5D44ADA5F02:1
7816615075CB40DCBCDB1428463A76172EA:1
782DE06F322D66A8241978DCAE53DD857CA:1
78D3F01EB27B8123DC82E411EBFCB038B2D:2
792133AD7D46D21257BCEF93465A8A14AE9:2
7953297C94834BBBC6297DDA114FAA4920D:1
79FF94AA7E03BAE406E4735399B8D6106D8:2
7B910BEB296BECE7D9523708091D6DE982C:1
7BD9C24DB6AC4ACA055F009075DC00C6D1E:1
7C37C7BE847CA6458A1B197050421DE5618:6
7C724A3567EFFF8F8259C601104F80581D7:1
7E049AE7D45B83A612F1261AB97832FE7B4:3
7E0756A9B29294341A14B464FE30DD782D0:1
7F5A5EF64BB72515F5BADCE8F480F643998:2
803B1A158E765A1A4F56F0CBCAB2E1BB411:6
81240E7AD273BCFFEB4374AC589B7961107:2
81346BDE11F6F2DD18CD5F363EFF0D8A124:2
816D4E07A2968D3CAE66E06E341384C1EE6:2
81AEFCE585DB343B505467A9563465415F8:2
82EDC7A37104A2B1652C8765E83A42AD993:1
831196BF0814336762351491CC27F26C2CD:2
835C72E3D264185A380E0FA5E259F0643C0:3
844F51E741962C7197BAF1859FBD20223E0:1
8471E80BD78C6DB21078EE91EE98CE1E535:1
84B04FFC7EE0344F3A34BD0579D2E2A1D6B:2
84DC26C9EB6534135630C1C0DAEEA67FE81:3
859D27984A50EBC1B8E2E54D7AE4952620A:37
85BB4722088369498C00CA2E199ED4D7158:1
86041158EF38264B720D9B6C884D7726E67:2
862E4331539489D940CC94E399ADAE2781B:4
87C16EB28433307622038E432780C67256B:8
87DA99B7AEA3754B7F6B61F21C77A2897B6:1
8888B00D9A16439F0700B63906D1C0AA429:11
89010F84503FDEED53BB540BF53761943B9:1
897DEDF00A5C967504A69A62028B6CA1552:47
89A2A466D89AFF8DD4E26841DB20B330058:1
89D97E094CB8779A49B26F9D4244A93CD8C:1
89E5B1A0435367838C93988866EC77B26FE:2
8A399EC9F4EC676DAC8769E797C47ACABF3:2
8A6159BA30A424A08739807F578FC834EA2:1
8A8D4D996422C6692BD40476B2A184B1DB5:1
8A8E16ABE2DDAC5292B0D2723BD709B48C5:1
8AAC5EE611422452897D32BA35342235402:2
8B2897200AC9733B0AACE4A9B67875FED23:2
8B3D37BF42DD8716B09883FD53DAA3BCC92:1
8D2C223812993250CB01E87AB8FB992180A:1
8D6C9E82A74C1E5CDE4C101D5F68B8C4E17:2
8D92BCEC8D2B1DC0C97E25EF8F69C3C0E6B:2
8EEFBB731A019B41F2F2E31270D02C7264E:19
90B6DEF1DDF31B76EC9E85F13089155A2CE:3
90C96AD3364E39E60CA431A937CA52A737A:3
9219AEF9E710DABA236842F70A9281D0E2D:2
939C1C59D1093A63480ADDACD90FB8E30FE:1
9469ACFE691A3CD3B8AB61E69E09FEAA10C:34
95B8EE084183466BC61062ED7613F82ACA0:1
95DD538160C1B080BA9B3887C0FFA10263D:1
962805B6B8EA04FD9DAE2E27F34DAF294A6:5
9647EEC22F0F0C1FC5ECEF394E2CDA6471D:8
96BF0852035E72347F856BE021FB5CC4B82:2
96F618BE027E26E6F0FE43DCFC8F10F1ACA:2
97505F77E5149C13E0309C1EF625E5ED79E:11
9787BE3A4F2D31FD32A325B4A19AB5FF7AA:6
97E015D9624BBE8519BB9125A18DEB5F80E:1
97F3EE42049A09856B7BC0B78DE21F56FB6:4
990E063F1F6A1E424F7F253E565C5632B31:2
99ABFB5D66C5838427B9EE26338EA01BA04:3
99E51C85358F7E74544A579AAE835184EBF:2
9A30FB245F07F74648DBB45D2FC0D7C6B6F:2
9A40B7D37C4DDC7686BB08BFB9E294B0C10:3
9A4EBFEEB5931C56A7D0F10DD822E71245F:1
9A4F8E6585C989BB94738CFB43EBD37B4A4:18
9A8302556EEA818FD7BFA1930FFF0AE9890:1
9ACCCF2708306B4C13D468B8789009C37FF:1
9B07F96CE713DF7EBD0D1295743BB0C8494:1
9BC5ABBA35B5700C8C871215312AD8C1512:4
9CA6217EDA0ABD7DE118CB117C8325C63D0:2
9CBA970D5FE3AC18FD44C62B742E305C915:1
9CD24614728914E44ADE6F1CDCBBC7EEDFE:3
9D2C86AC1FA7BB16C8580559501FDB2CB4F:2
9D3FB076EC4D5D57DCF973D5313EC43C03A:1
9DA6E5E2247DFFE691E8AC47D9408D3898D:1
9E11E7F959A03AAD00D7E32CBE76602115A:4
9E12AAE243E70930128497BB5AE35210AFB:8
9E60FE109E2549FC365AA6BDB368D56F67E:5
9E78DD5FD43DB5012E4F295B590A1A02CB4:5
9E81D306089B525A1FAB860C42DCEE6D7B4:1
9F064664B9031B255F7DD8E7438BEDF0FD9:7
9F15829DC7ADCE42749E5ECE88391F225DB:4
9F77CF61130EEFC4F68FD46137F1C28A51F:3
9FAE86D122458294B24053BBA92FF434BED:4
A1DA0E22333064B30A82DBD362235F31CF5:1
A1F5A8625372CE6FF9ADE51AE57CD1741DB:1
A2002139A4A2B91F690A50D83E684081913:2
A26A39C6B7A9F6763624115D7391E32B73C:1
A28A24879B405B0A3696C486DC80271BD8F:3
A29E7DD57D4DEE7D397A5BC1A911BF1AEE1:2
A34E3E5F0FCA99A1E51051A94B3F5049600:2
A3AD8C3DD8ADA299CFE205FB94883F0107B:2
A581133BA8E046D6A2D24F8494020910B94:2
A630F8C201D7C6E38E141A220A2AC2D03B3:2
A6B79C5D09A77FC2C342636B50EAA46DA55:3
A70C8AC4386AAB69095B95E08E731C196E7:1
A762A3C5149BCFF1703BECC204FC7E62C4C:5
A7A7CF04C4063FA43528E9860B0C51EFA17:2
A7D04597864E92279B0C69D7C9173E570E4:3
A80FC7B7F69ECB8091DFD72896EA672FE4B:3
A821CB63143F117812AAE9C5606EFF007A1:1
A860D47C51D70EB79F3CD6B8764DAA513CB:1
A8F8B3CAE55D7EA9297F3F3F4715E690729:6
AA582C16E3AE6E6304C096FA43F7FA75805:1
AA8280230B479494ED2DF0C306AF4158B2C:4
AB15551EC3BAB3276049A77EF240C9094A9:1
ABA47C5D42F885CC1D7C7E2D7016231403E:1
ABF6001E5644F04ADA0FCC3173AFA6E5C91:2
AC47C1E363746B0EF9280A7891E729505A9:2
ADC6C95715048C83C7CF1F943D287AE7F03:1
AE8C68D37007139DD34419217ECD947DE1D:2
AEA5CAA9FB5C4EF6FC2323CDA3F4B9BB3DA:1
AF365B7BC6C475D52D2AF21CC327022D3D6:1
AFE5681396CF50A5BBA36F22EB3C13824AB:3
B04A96A3EA27146F60FE26166342711DCD3:1
B05882BE087A8B135CE07DC5A0B3E4B7DD8:1
B05EAEAA48EEB1BF4EB30BF934836D5BF62:2
B06A4EFA9C53DE6F73F9EA97BA323EE6EB0:8
B0CFC210E842CA786822323DEBE91CA95B6:25
B1DB1BB2B998DBEFEE499A00E2E521B0EC6:7
B26DA9BA51DA033E3588C1DF0E4E480D431:5
B317DB4F687EECD384F5B6BE3BE52DB00C3:1
B337B15078D66511E2CA0B3FC9C9E77E1B6:2
B4917DD6D44BE230E4228949767201E47B6:1
B5387A7E0EE91EADC96715E039EBC808EC7:49
B5C2CC8C2DF5D038CEAD843DB2A5F347FD8:1
B61E7D984137A536DCF8F1755345919C30E:1
B66ECEBD7435003F3CCBE4CE0C826C3917C:3
B698D5C638F3EA192D88EAE8BC5F32AFDDD:4
B78D3A81B5E63A18519FB0EA7CECE6BB9D9:8
B94E92C83CDF659FD905CCDE843F2697B41:1
B9B53DF0B98D2389CA6A2AEBA89066219AC:1
B9D6DE2F2E051C51132F678393CBA521E72:1
B9E7DB468B6FE36FCAA6C2A609740C2AF38:2
B9F70FFDBCEB0CE1C0BD7293B2EE29951E5:1
BA5E2D0A25D5817EAE868B5F240D7037C1D:1
BABDC7BF36E8689A5FEAB0E195A7EB08EE1:11
BAE9DB7D81CC6CC5FF7C83E09E3E814087A:2
BD2D1A1BC0ACE6C72524F0C127CA00ED18B:2
BD31D476D60B450E6FCD0BBB02747BD1D71:1
BD8D40DFAA065545113C7491F4CDACA17EE:53
BE095114B1B1B9513A29E8DBD636C56FD4B:1
BE661363616BAF157D6F870DC46CE79E38E:1
BE69A1FC64AD43931933997DADEE752746D:2
BE885776C5A2E822125F723F9F9839AEE14:8
BEC2EF9992C79D55FFBB8A82B31DE40AC02:8
BF3A26EBBC6235C121AFB139FCDE06F310A:1
BF3C06524008788F59EF5970A357BABE658:1
BF9E5777444C6EA6B1C495002492E0160CF:1
C02DBDF44804E77C697F86952C542A748C7:1
C02E1517E2B05EC9A99FD9329D791F930C8:1
C0B935AFDE1E1C9EC7A5A71B86F2E77A1A8:1
C0C76AF3503DB72533DBB59068061D5B70A:4
C0DEA4C8518B4EE91FD91BE2CC9B28C98D2:3
C1B55113F4E0335553A553CAEC3C2383475:1
C1BBA434BC4CD83AA6545AA49D59A864CCC:1
C28F63984D59E8DE94415D6C7190BDC9F6C:2
C2BB38AF1C7E5C80986B260B6F41D16A3CD:1
C3E9C5A94A8BA15A5306FE3B838D7B163BE:1
C481351679BDAC93F3757A4A4C4A7D13461:1
C486804FFB78848CD9AAECAFF88B30DCEB6:2
C4B9AC733C946E2107298FE6B86602F5001:10
C4CE92BFD2ECED967F709F8D9522E4C8798:1
C4E1A7CD89CDE7801EDA4F66D54C74C6B0E:3
C51812D2D30894BA2DEAF6B38C5235B6B65:7
C52792E03477AF4DD64B6D64C92547C46EF:7
C53659F352669ADF4CB59F82A3343FDDEC5:2
C54000C598A70D1A14FC172B35984470C8B:3
C5534D4F350F3258BC1199435AE287E4389:2
C5BACF1BEAE18CDBF3DBD97DB570BE22FFA:4
C5BEC72293F20ADE3646EC3B88F8CB056D0:6
C5F6CAB95A6165E570BD2718DC1A7FC3115:2
C60A4CB24DF9CED36F16131DBA64ADB0CA9:3
C645D941DE57E4FADD427827624F57F0DF0:2
C677F24866AAD193AADD5E954A82F6EF1FF:1
C69B45C4303ED923BE4BA80EDBBB23C17EA:3
C6C587259901CDD51B499ADFA0A57005821:7
C715C74561FDF45F336D3A4B0F8C5AF4AB3:2
C7717513CACEBFFDB1243A8F23E93B40A6D:3
C79AAA995598C5CACAF9B34BEDD26EAC506:1
C79FAE24DD575896ABF2F1861ACFE9BAC30:1
C8336D8C7240B28173E3362F583905A5CF6:2
C8ADFD7133844BC99B8E7503D5085691D03:1
C9968B522BCA0F17D3796F689DF990C5E96:4
C9BD188250162EE59EB6D0EB2C5CB2D035E:2
CA819318E1CFBF511AAFBDB322BE221F0E7:2
CA942EC61D097734CAB5A2D7AC3C0B39AAA:3
CAD88AFA77753AC806C8B77CDABFE50F470:4
CAF6F18A6F05F91BA8216779EB77CD8F3EC:3
CB413F338C7BE71DB2BC5F59242B48576E5:2
CB7DE79A79B63E73366360271598D226FE8:2
CB8B43E87A0C0874006E3D66244A3E6584A:1
CC04790E1D588D4DF2B04314C0D4C344231:1
CC4C873D9B0BC54DEC10B24E19B60E3085E:2
CC4ED9EC1DCDA337B934B2F8047AF324232:2
CD829317628B9B26BE27FF3420FAF0FF24B:2
CDBD8C74215E16A8F7125CC0683525CF347:4
CDCF9D1B7FE4B104D8D58FAD8F380F34405:1
CE1A7394F84AE520A7EB3F0C02590131ADE:4
CE7707D05C3C09CB66534E7CE676D11F27D:7
CEA9F7BF4E3303C7B87BDB78D64BBBD5FA0:8
CEB32B71A8EF1691B300D229D1CFC9E8728:3
CF35033F7A941CFC40882E28B260CB76230:1
CF3D712050D3970F35BBB75E6C8771E0C79:2
CF7772010A9A00D594BC7C0B50032A8AD41:1
D09A16B6970F86D712ACBD43181B65EA093:1
D0DFE07F5C172B1E803759EC261708CE101:4
D126C172220B497B62F3A707CE802AC07A5:1
D1DE6EE81777D0D65E86DEEBA36AD1A0411:1
D316B6A3D2DB292895D905DC91D0C797C8E:1
D3C7EB8E176CB9F7A0D33E57E398C2C19AC:1
D436A48BE59F80949D54B34CB3C0957B5A6:2
D49E22E259C45CF8BB6F0B576FF6D6B5182:2
D636E10BB1080B364E7DE54D9FA72B79AF8:1
D797F95918CDE1AA2ED8E2143BA6989644B:7
D7ECFEE6B7EB29F5AE4546801480FE51B1F:2
D7FBD409A53D336ACA817EA5D288D247C8F:13
D8232EADEBB7A6AA841C5509C5E36ECE288:2
D8A727FF361A38278DD23D2FB51F3ECC136:1
D8C87EC26515B0C52F903FB514009F3BCC4:2
D9AA221314D4469876E2800B43A7356924F:1
D9F6C5B789418C64234CB3EEC4CB1047C8B:4
DAA3A417989C53DBF6EB6EDFF8FF09B71DB:1
DAE8ABCCE5D8F9A5D1F5075C458F15CE91A:1
DB112C61EE0709B65A55376D19960731F91:117
DC20DA4FE2DFEDE57F567F78E919B052D8C:4
DC48B81C51B6A426F7875DB009F66BBF78E:2
DCF2EA02029257220E9CCEB3C6222595501:1
DDA35027AACE01E64A4049932B4EFAECC9D:2
DDBE676F5A32DD68CB7AC900E3731E88919:1
DDC1E70765C1DE4BF14E113EABD6FEAECB4:3
DED3F9D9926C68C4214209BF1A603BCC957:4
DFA9E2E6EF850BF4ED7F20E308640A5452C:2
E040EFB13A8CBE0AF638A6011370CE4201A:1
E04EF3FD545F1E87A8BF30BE8B5A445E746:1
E087FA91CA0D0AC5006CF66B0BC2128F6E3:2
E08ACA686812833208AEBD6A698332020B0:1
E0CB428C1D22EAD5A4644160D9EBD4FB907:1
E0E51207BB1C282BB5551D68CCEDE13296B:3
E16709C1F8EE459A05E1D491A472A295E7F:1
E16FAF9D6BEC6F23F2D8E64CC4DA8ECA140:2
E20C420A681B9ADB947E24D6D6279BEFE12:1
E249B05E63BBD51FD7ECFC1F074066760A3:2
E281172F0F04AEC88FF889BEBB9607727F3:1
E36B5C039FD0E6AE41E7FF9AFC77860E5B3:2
E3E20B9C354BEE0359F73E34807649EE3E4:1
E3E8CAF7B55EE37C80DF72A765B690E3310:1
E5ABB4A3C958910EFA2294443F37BD5E3D3:2
E7218AD604E2D76B42B4DD68F746B735F02:1
E750D67723F64DD0EEB86D55D8BD451D057:2
E77F973D9E957BDB4C4F9FE6F31C858EFBA:1
E7A45FCB726BFAAE701B5115F8C5885B363:2
EA1D21549E6A060056D3BE1B1AF3ED4958C:4
EAAF115BB08C20DBED98ECF7082E496D23C:2
EAF0B4C963D303888EB050ABFB690B015B6:1
EB6D2B4495CA7B48BCE1C855430BE935E23:3
EBC1CB37B3B8682B93FFDB10FD7D98AD850:4
EBDBEDFDEA09494726D27A945EEC18FAC6D:2
EBFAF7FF931846A94700A3A2EFBF768DE45:5
EC00B0C03F5D72F6786006E1AAD8474B57F:4
EC6E1AA2AC51C89BFCE0408CFFD2E7D351C:3
ECC32B316AF98CB1E5A2E87EB0388B19F09:5
ED05012269EC73AC54D319361FD3EF112B9:3
EDE865648EFAE59533524F0CB0921C5DD43:2
EE3058F2C8A1E23D3AB6FF139BCB56C3358:2
EF291179D81329F051A8F11A3F701ABB936:1
F002273E4F3361F97E5B3A0AC73123780A2:8
F0593F1E3D12B0E2145046BFE75EDF97EBF:2
F2DEBAD8A889C935A95E94D7ED644AE5BEA:1
F39363E2A55876285EE933ED1615BC6A81C:6
F4617C0F780D351A4FB26DDD053728B4699:1
F4AAEAF4E81C8F1036EEC4ED3E2243D01DE:1
F537ED23CA37DEC272769F039C516101B39:1
F592CC3FD9F42B30B467D891B5ECDEF2805:3
F5A151CF497B4D635BF81E0D5152B502B0D:1
F60465C6B496F46CDDFFBDB228B81B87784:29
F64CEEFFCED8CEE5D164E2E2EA929C159A4:2
F6887D6C99BAC34E9E8CB5275C65A260FF5:2
F738CE8C5E3A290399C02E7CB4643200D0F:1
F759016D7722D5FF3D60BC5DB3F48C53113:3
F75D706E42F63567628D28C7C936DED0A7B:1
F919FF3E270A40EAD9739556AC323B46C72:1
F98A925CA31FF8E8301002B29FEB981BF7C:3
F9B732B149FDDBC74F17E9DC8B3EAB0F931:6
F9F78E333E69F3EA72D32F40593738BB28D:2
FA59B134015CF6966417456293CAD16D5EC:1
FA800B7164B6637CD1545CBDF3F3764FA16:1
FAD3079372F700302CC3905813B588A44A7:1
FB6F74D9F4BF539D038661BC23F13020E54:2
FB725ED1C3E3126381C7E39E011B9B8A875:34
FC1C8BB763BC68C786288E84BB48DF01AF4:1
FCAA79135EB969DBC1566EBCB3F6A75DC71:2
FCC26A567F1EF36B035E1349292F157B6B0:2
FD2D6388E7306942C9F609E5F98C19AB246:6
FDD7ED2341120D5E3C7EC9B7CEC47D563F4:4
FE0940FBA16EC38F81D4383E0D4F7EF065F:11